<record><leader>00000cas a22000007a 4500</leader><controlfield tag="001">33445709</controlfield><controlfield tag="008">951108c19259999sduwr ne      0    0eng d</controlfield><datafield ind1=" " ind2=" " tag="010"><subfield code="a">sn 95076601 </subfield></datafield><datafield ind1=" " ind2=" " tag="040"><subfield code="a">SXN</subfield><subfield code="b">eng</subfield><subfield code="c">SXN</subfield><subfield code="d">OCLCQ</subfield><subfield code="d">OCLCF</subfield><subfield code="d">OCLCO</subfield></datafield><datafield ind1="1" ind2=" " tag="029"><subfield code="a">AU@</subfield><subfield code="b">000025862459</subfield></datafield><datafield ind1=" " ind2=" " tag="042"><subfield code="a">msc</subfield></datafield><datafield ind1=" " ind2=" " tag="043"><subfield code="a">n-us-sd</subfield></datafield><datafield ind1="0" ind2="4" tag="245"><subfield code="a">The West River progress.</subfield></datafield><datafield ind1="3" ind2="0" tag="246"><subfield code="a">Dupree progress</subfield><subfield code="f">Jan. 6, 1972</subfield></datafield><datafield ind1=" " ind2=" " tag="260"><subfield code="a">Redelm, Ziebach County, S.D. :</subfield><subfield code="b">E.L. Schetnan</subfield></datafield><datafield ind1=" " ind2=" " tag="300"><subfield code="a">v.</subfield></datafield><datafield ind1=" " ind2=" " tag="310"><subfield code="a">Weekly</subfield></datafield><datafield ind1=" " ind2=" " tag="500"><subfield code="a">Published in: Redelm, &lt;Aug. 21, 1925&gt;-&lt;Nov. 5, 1926&gt;; and in: Dupree, &lt;July 2, 1936&gt;-</subfield></datafield><datafield ind1=" " ind2=" " tag="530"><subfield code="a">Available on microfilm from: State Archives, South Dakota State Historical Society.</subfield></datafield><datafield ind1=" " ind2=" " tag="588"><subfield code="a">Description based on: Vol. 1, no. 2 (Aug. 21, 1925).</subfield></datafield><datafield ind1="2" ind2="0" tag="610"><subfield code="a">Cheyenne River Sioux Tribe.</subfield></datafield><datafield ind1=" " ind2="0" tag="651"><subfield code="a">Dupree (S.D.)</subfield><subfield code="v">Newspapers.</subfield></datafield><datafield ind1=" " ind2="0" tag="651"><subfield code="a">Redelm (S.D.)</subfield><subfield code="v">Newspapers.</subfield></datafield><datafield ind1=" " ind2="0" tag="651"><subfield code="a">Ziebach County (S.D.)</subfield><subfield code="v">Newspapers.</subfield></datafield><datafield ind1=" " ind2="7" tag="655"><subfield code="a">Newspapers.</subfield><subfield code="2">fast</subfield><subfield code="0">(OCoLC)fst01423814</subfield></datafield><datafield ind1="2" ind2="7" tag="610"><subfield code="a">Cheyenne River Sioux Tribe of the Cheyenne River Reservation.</subfield><subfield code="2">fast</subfield><subfield code="0">(OCoLC)fst01725075</subfield></datafield><datafield ind1=" " ind2="7" tag="651"><subfield code="a">South Dakota</subfield><subfield code="z">Dupree.</subfield><subfield code="2">fast</subfield><subfield code="0">(OCoLC)fst01288145</subfield></datafield><datafield ind1=" " ind2="7" tag="651"><subfield code="a">South Dakota</subfield><subfield code="z">Redelm.</subfield><subfield code="2">fast</subfield><subfield code="0">(OCoLC)fst01288182</subfield></datafield><datafield ind1=" " ind2="7" tag="651"><subfield code="a">South Dakota</subfield><subfield code="z">Ziebach County.</subfield><subfield code="2">fast</subfield><subfield code="0">(OCoLC)fst01255606</subfield></datafield><datafield ind1=" " ind2=" " tag="752"><subfield code="a">United States</subfield><subfield code="b">South Dakota</subfield><subfield code="c">Ziebach</subfield><subfield code="d">Dupree.</subfield></datafield><datafield ind1=" " ind2=" " tag="752"><subfield code="a">United States</subfield><subfield code="b">South Dakota</subfield><subfield code="c">Ziebach</subfield><subfield code="d">Redelm.</subfield></datafield><datafield ind1="0" ind2="5" tag="780"><subfield code="t">Ziebach County news</subfield><subfield code="w">(DLC)sn 95076508</subfield></datafield></record>